@book{	win-int-one,
	author = {Mark Russinovich and David A. Solomon and Alex Ionescu},
	publisher = {Microsoft Press},
	address	= {Redmond, WA},
	title = {Windows Internals, Part 1},
	edition = {Sixth},
	year = 2012}

@book{	linux-kernel-dev,
	author = {Robert Love},
	publisher = {Addison-Wesley},
	address = {Upper Saddle River, NJ},
	title = {Linux Kernel Development},
	edition = {Third},
	year = 2010}

@book{	des-imp-bsd-os,
	author = {Marshall Kirk McKusick and George V. Neville-Neil and Robert N. M. Watson},
	publisher = {Addison-Wesley},
	address = {Upper Sattle River, NJ},
	title = {The Design and Implementation of the FreeBSD Operating System},
	edition = {Second},
	year = 2015}
	
