@book{	win-int-one,
	author = {Mark Russinovich and David A. Solomon and Alex Ionescu},
	publisher = {Microsoft Press},
	address	= {Redmond, WA},
	title = {Windows Internals, Part 1},
	edition = {Sixth},
	year = 2012}

@book{	win-int-two,
	author = {Mark Russinovich and David A. Solomon and Alex Ionescu},
	publisher = {Microsoft Press},
	address	= {Redmond, WA},
	title = {Windows Internals, Part 2},
	edition = {Sixth},
	year = 2012}

@book{	linux-kernel-dev,
	author = {Robert Love},
	publisher = {Addison-Wesley},
	address = {Upper Saddle River, NJ},
	title = {Linux Kernel Development},
	edition = {Third},
	year = 2010}

@book{	des-imp-bsd-os,
	author = {Marshall Kirk McKusick and George V. Neville-Neil and Robert N. M. Watson},
	publisher = {Addison-Wesley},
	address = {Upper Sattle River, NJ},
	title = {The Design and Implementation of the FreeBSD Operating System},
	edition = {Second},
	year = 2015}

@book{	ldd3,
	author = {Jonathan Corbet and Alessandro Rubini and Greg Kroah-Hartman},
	publisher = {O'Reilly},
	address = {Sebastopol, CA},
	title = {Linux Device Drivers},
	edition = {Third},
	year = {2005}}

@online{	geom,
		author={Ivan Voras},
		title={Writing a GEOM Class},
		year={2016},
		url={https://www.freebsd.org/doc/en/articles/geom-class/index.html},
		urldate={2016-4-30}}

@online{	gad,
		author={The FreeBSD Documentation Project},
		title={FreeBSD Architecture Handbook},
		year={2016},
		url={https://www.freebsd.org/doc/en_US.ISO8859-1/books/arch-handbook/index.html},
		urldate={2016-5-15}}




@online{	msdn,
		title={Microsoft Developer Network},
		url={https://msdn.microsoft.com},
		urldate={2016-4-30}}

